<?xml version="1.0" encoding="UTF-8" ?>
<collection xmlns:xsi="http://www.w3.org/2001/XMLSchema-instance"
    xsi:schemaLocation="http://www.loc.gov/MARC21/slim
        http://www.loc.gov/standards/marcxml/schema/MARC21slim.xsd"
    xmlns="http://www.loc.gov/MARC21/slim">
<record>
  <leader>00227cam a2200421 i 4500</leader>
  <controlfield tag="001">b12515383</controlfield>
  <controlfield tag="003">LeBAU</controlfield>
  <controlfield tag="005">20181105</controlfield>
  <controlfield tag="008">970711s1940    ua            ||0 0 ara d</controlfield>
  <datafield tag="035" ind1=" " ind2=" ">
    <subfield code="a">ocn784369358</subfield>
  </datafield>
  <datafield tag="040" ind1=" " ind2=" ">
    <subfield code="a">LEAUB</subfield>
    <subfield code="b">ara</subfield>
    <subfield code="e">rda</subfield>
    <subfield code="c">LEAUB</subfield>
    <subfield code="d">LEAUB</subfield>
  </datafield>
  <datafield tag="082" ind1="0" ind2="4">
    <subfield code="a">808</subfield>
    <subfield code="2">22</subfield>
  </datafield>
  <datafield tag="100" ind1="1" ind2=" ">
    <subfield code="6">880-01</subfield>
    <subfield code="a">Hāshimī, Aḥmad,</subfield>
    <subfield code="e">author.</subfield>
  </datafield>
  <datafield tag="245" ind1="1" ind2="0">
    <subfield code="6">880-02</subfield>
    <subfield code="a">Jawāhir al-balāghah fī al-maʻānī wa-al-bayān wa-al-badīʻ /</subfield>
    <subfield code="c">ta’līf al-Sayyid Aḥmad al-Hāshimī Bik, mudīr madāris Fu’ād al-Awwal wa-waliy al-ʻahd bi-Shubrā bi-Miṣr.</subfield>
  </datafield>
  <datafield tag="250" ind1=" " ind2=" ">
    <subfield code="6">880-03</subfield>
    <subfield code="a">al-Ṭabʻah al-ʻāshirah al-muʻaddalah muṭawwalah munaqqaḥah wa-fī-hā ziyādat taṭbīqāt kathīrah.</subfield>
  </datafield>
  <datafield tag="264" ind1=" " ind2="1">
    <subfield code="6">880-04</subfield>
    <subfield code="a">Miṣr :</subfield>
    <subfield code="b">Maṭbaʻat al-Iʻtimād,</subfield>
    <subfield code="c">1358 H. = 1940 M.</subfield>
  </datafield>
  <datafield tag="300" ind1=" " ind2=" ">
    <subfield code="6">880-05</subfield>
    <subfield code="a">448 pages ;</subfield>
    <subfield code="c">24 cm</subfield>
  </datafield>
  <datafield tag="336" ind1=" " ind2=" ">
    <subfield code="a">text</subfield>
    <subfield code="b">txt</subfield>
    <subfield code="2">rdacontent</subfield>
  </datafield>
  <datafield tag="337" ind1=" " ind2=" ">
    <subfield code="a">unmediated</subfield>
    <subfield code="b">n</subfield>
    <subfield code="2">rdamedia</subfield>
  </datafield>
  <datafield tag="338" ind1=" " ind2=" ">
    <subfield code="a">volume</subfield>
    <subfield code="b">nc</subfield>
    <subfield code="2">rdacarrier</subfield>
  </datafield>
  <datafield tag="650" ind1=" " ind2="4">
    <subfield code="a">اللغة العربية</subfield>
    <subfield code="x">البلاغة.</subfield>
  </datafield>
  <datafield tag="650" ind1=" " ind2="4">
    <subfield code="a">اللغة العربية</subfield>
    <subfield code="x">البيان.</subfield>
  </datafield>
  <datafield tag="650" ind1=" " ind2="0">
    <subfield code="a">Arabic language</subfield>
    <subfield code="x">Rhetoric.</subfield>
  </datafield>
  <datafield tag="650" ind1=" " ind2="0">
    <subfield code="a">Arabic language</subfield>
    <subfield code="x">Diction.</subfield>
  </datafield>
  <datafield tag="775" ind1="0" ind2="8">
    <subfield code="6">880-06</subfield>
    <subfield code="i">has designation of edition</subfield>
    <subfield code="4">http://rdaregistry.info/Elements/m/P30133 :</subfield>
    <subfield code="t">Jawāhir al-balāghah fī al-maʻānī wa-al-bayān wa-al-badīʻ.</subfield>
    <subfield code="b">al-Ṭabʻah al-ḥādīyah ʻashrah al-muʻaddalah muṭawwalah munaqqaḥah wa-fī-hā ziyādat taṭbīqāt kathīrah.</subfield>
    <subfield code="d">[al-Qāhirah] : Maṭbaʻat Ḥijāzī, 1373 H. = 1954 M.</subfield>
    <subfield code="w">(OCoLC)784369361</subfield>
    <subfield code="w">(OCoLC)784369361</subfield>
  </datafield>
  <datafield tag="775" ind1="0" ind2="8">
    <subfield code="6">880-07</subfield>
    <subfield code="i">has designation of edition</subfield>
    <subfield code="4">http://rdaregistry.info/Elements/m/P30133 :</subfield>
    <subfield code="t">Jawāhir al-balāghah fī al-maʻānī wa-al-bayān wa-al-badīʻ.</subfield>
    <subfield code="b">al-Ṭabʻah al-thālithah ʻashrah al-muʻaddalah muṭawwalah munaqqaḥah wa-fī-hā ziyādat taṭbīqāt kathīrah.</subfield>
    <subfield code="d">al-Qāhirah : al-Maktabah al-Tijārīyah al-Kubrá, 1963</subfield>
    <subfield code="w">(OCoLC)784369366</subfield>
    <subfield code="w">(OCoLC)784369366</subfield>
  </datafield>
  <datafield tag="852" ind1=" " ind2=" ">
    <subfield code="a">Jafet Library</subfield>
    <subfield code="e">American University of Beirut, Bliss Street , Beirut, Lebanon.</subfield>
  </datafield>
  <datafield tag="880" ind1="1" ind2=" ">
    <subfield code="6">100-01/(3/r</subfield>
    <subfield code="a">الهاشمي، احمد،</subfield>
    <subfield code="e">مؤلف. </subfield>
    <subfield code="4">aut.</subfield>
  </datafield>
  <datafield tag="880" ind1="1" ind2="0">
    <subfield code="6">245-02/(3/r</subfield>
    <subfield code="a">جواهر البلاغة في المعاني والبيان والبديع /</subfield>
    <subfield code="c">تأليف السيد أحمد الهاشمي بك، مدير مدارس فؤاد الأول وولي العهد بشبرا بمصر.</subfield>
  </datafield>
  <datafield tag="880" ind1=" " ind2=" ">
    <subfield code="6">250-03/(3/r</subfield>
    <subfield code="a">الطبعة العاشرة المعدلة مطولة منقحة وفيها زيادة تطبيقات كثيرة.</subfield>
  </datafield>
  <datafield tag="880" ind1=" " ind2="1">
    <subfield code="6">264-04/(3/r</subfield>
    <subfield code="a">مصر :</subfield>
    <subfield code="b">مطبعة الإعتماد،</subfield>
    <subfield code="c">1358 هـ. = 1940 م.</subfield>
  </datafield>
  <datafield tag="880" ind1=" " ind2=" ">
    <subfield code="6">300-05/(3/r</subfield>
    <subfield code="a">448 صفحة ؛</subfield>
    <subfield code="c">24 سم</subfield>
  </datafield>
  <datafield tag="880" ind1="0" ind2="8">
    <subfield code="6">775-06/(3/r</subfield>
    <subfield code="i">دلالة على الطبعة</subfield>
    <subfield code="4">http://rdaregistry.info/Elements/m/P30133 :</subfield>
    <subfield code="t">جواهر البلاغة في المعاني والبيان والبديع.</subfield>
    <subfield code="b">الطبعة الحادية عشرة المعدلة مطولة منقحة وفيها زيادة تطبيقات كثيرة.</subfield>
    <subfield code="d">[القاهرة] : مطبعة حجازي، 1373 هـ. = 1954 م.</subfield>
    <subfield code="w">b12515395</subfield>
    <subfield code="w">(OCoLC)784369361</subfield>
  </datafield>
  <datafield tag="880" ind1="0" ind2="8">
    <subfield code="6">775-07/(3/r</subfield>
    <subfield code="i">دلالة على الطبعة</subfield>
    <subfield code="4">http://rdaregistry.info/Elements/m/P30133 :</subfield>
    <subfield code="t">جواهر البلاغة في المعاني والبيان والبديع.</subfield>
    <subfield code="b">الطبعة الثالثة عشرة المعدلة مطولة منقحة وفيها زيادة تطبيقات كثيرة.</subfield>
    <subfield code="d">القاهرة : المكتبة التجارية الكبرى، 1963</subfield>
    <subfield code="w">b12515413</subfield>
    <subfield code="w">(OCoLC)784369366</subfield>
  </datafield>
  <datafield tag="907" ind1=" " ind2=" ">
    <subfield code="a">.b12515383</subfield>
    <subfield code="b">18-11-12</subfield>
    <subfield code="c">11-05-24</subfield>
  </datafield>
  <datafield tag="907" ind1=" " ind2=" ">
    <subfield code="a">.b12515383</subfield>
    <subfield code="b">15-10-15</subfield>
    <subfield code="c">11-05-24</subfield>
  </datafield>
  <datafield tag="945" ind1=" " ind2=" ">
    <subfield code="f">J</subfield>
    <subfield code="a">808:H34j10A</subfield>
    <subfield code="i">01030984</subfield>
    <subfield code="j">.i13013166</subfield>
    <subfield code="l">u0503</subfield>
  </datafield>
  <datafield tag="998" ind1=" " ind2=" ">
    <subfield code="a">u05</subfield>
    <subfield code="b">97-07-11</subfield>
    <subfield code="c">m</subfield>
    <subfield code="d">a  </subfield>
    <subfield code="e">-</subfield>
    <subfield code="f">ara</subfield>
    <subfield code="g">ua </subfield>
    <subfield code="h">0</subfield>
    <subfield code="i">1</subfield>
  </datafield>
</record>
</collection>
